<record><leader>00000cas a22000007a 4500</leader><controlfield tag="001">10479783</controlfield><controlfield tag="008">840302d187u1873pauwr ne      0    0eng d</controlfield><datafield ind1=" " ind2=" " tag="010"><subfield code="a">sn 84026496 </subfield></datafield><datafield ind1=" " ind2=" " tag="040"><subfield code="a">NPU</subfield><subfield code="b">eng</subfield><subfield code="c">NPU</subfield><subfield code="d">NPH</subfield><subfield code="d">OCLCQ</subfield></datafield><datafield ind1=" " ind2=" " tag="042"><subfield code="a">msc</subfield></datafield><datafield ind1="0" ind2="0" tag="245"><subfield code="a">Tidioute weekly journal.</subfield></datafield><datafield ind1=" " ind2=" " tag="260"><subfield code="a">Tidioute, Pa. :</subfield><subfield code="b">G.A. Needle</subfield></datafield><datafield ind1=" " ind2=" " tag="300"><subfield code="a">v. :</subfield><subfield code="b">ill. (chiefly advertisements) ;</subfield><subfield code="c">67 cm.</subfield></datafield><datafield ind1=" " ind2=" " tag="310"><subfield code="a">Weekly</subfield></datafield><datafield ind1="1" ind2=" " tag="362"><subfield code="a">Ceased in 1873.</subfield><subfield code="z">Cf. Salisbury, R., Pa. newspapers, 1969.</subfield></datafield><datafield ind1=" " ind2=" " tag="588"><subfield code="a">Description based on: Vol. 5, no. 3 (June 27, 1873).</subfield></datafield><datafield ind1=" " ind2=" " tag="752"><subfield code="a">United States</subfield><subfield code="b">Pennsylvania</subfield><subfield code="c">Warren</subfield><subfield code="d">Tidioute.</subfield></datafield><datafield ind1="0" ind2=" " tag="775"><subfield code="t">Tidioute evening journal</subfield><subfield code="w">(DLC)sn 84026495</subfield></datafield><datafield ind1="0" ind2="0" tag="780"><subfield code="t">Tidioute journal</subfield><subfield code="w">(DLC)sn 88080847</subfield></datafield></record>